<?xml version="1.0" encoding="UTF-8"?><collection xmlns="http://www.loc.gov/MARC21/slim"><record><leader>00559nam--2200133-i-4500</leader><controlfield tag="001">000031795</controlfield><controlfield tag="002">20161230</controlfield><controlfield tag="005">20161230201038</controlfield><controlfield tag="008">060222s1000------------r-----000-0-eng-d</controlfield><datafield ind1=" " ind2=" " tag="080"><subfield code="a">541.5:539.194(043)</subfield></datafield><datafield ind1=" " ind2=" " tag="100"><subfield code="a">Mahmoudi, Saad</subfield></datafield><datafield ind1=" " ind2=" " tag="245"><subfield code="a">Nouvelles methodes de calcul, dans le cadre du champ de forces de valence generalise, des constantes de force et des amplitudes carrees moyennes de vibration. systematisation de la determination de la matrice des coordonnees de symetrie. application a ..</subfield></datafield><datafield ind1=" " ind2=" " tag="260"><subfield code="a">Metz, Universite, 1979, 1979. 227p</subfield></datafield><datafield ind1=" " ind2=" " tag="852"><subfield code="a">71126</subfield></datafield></record></collection>